@misc{rst,
  title={reStructuredText: Markup Syntax and Parser Component of Docutils},
  author={David Goodger},
  year={2002},
  url={https://docutils.sourceforge.io/rst.html}
}
@misc{textile,
  title={Textile Markup Language Documentation},
  author={Dean Allen},
  year={2002},
  url={https://textile-lang.com}
}
@misc{mark,
  title={CommonMark Spec},
  author={John MacFarlane},
  year={2014},
  url={https://spec.commonmark.org}
}
@misc{mps,
  title={A Language Workbench in Action - MPS},
  author={Martin Fowler},
  year={2005},
  url={https://martinfowler.com/articles/mpsAgree.html}
}
@techreport{xtext,
  title={oAW xText: A Framework for Textual DSLs},
  author={Sven Efftinge and Markus VÃ¶lter},
  year={2006}
}
@misc{parsoid,
  title={Parsoid},
  author={MediaWiki},
  year={2011},
  url={https://www.mediawiki.org/wiki/Parsoid}
}
@misc{wikitext,
  title={Wikitext},
  author={MediaWiki},
  year={2003},
  url={https://www.mediawiki.org/wiki/Wikitext}
}
@misc{scribble,
  title={Low-Level Scribble API: Structures And Processing},
  author={Matthew Flatt and Eli Barzilay},
  year={2009},
  url={https://docs.racket-lang.org/scribble/core.html}
}