@book{church1941calculi,
  title={The Calculi of Lambda-Conversion},
  author={Church, Alonzo},
  number={6},
  series={Annals of Mathematics Studies},
  publisher={Princeton University Press},
  year={1941}
}
@article{tait1967intensional,
  title={Intensional Interpretations of Functionals of Finite Type I},
  author={Tait, W. W.},
  journal={J. Symb. Log.},
  volume={32},
  number={2},
  year={1967},
  doi={10.2307/2271658}
}
@article{knuth1968semantics,
  title={Semantics of Context-Free Languages},
  author={Knuth, Donald E.},
  journal={Math. Syst. Theory},
  volume={2},
  number={2},
  year={1968},
  doi={10.1007/BF01692511}
}
@article{de1972lambda,
  title={Lambda Calculus Notation with Nameless Dummies, a Tool for Automatic Formula Manipulation, with Application to the Church-Rosser Theorem},
  author={de Bruijn, N. G.},
  journal={Indagationes Mathematicae (Proceedings)},
  volume={75},
  number={5},
  year={1972},
  doi={10.1016/1385-7258(72)90034-0}
}
@article{van1975revised,
  title={Revised Report on the Algorithmic Language ALGOL 68},
  author={van Wijngaarden, A. and Mailloux, B. J. and Peck, J. E. L. and Koster, C. H. A. and Sintzoff, M. and Lindsey, C. H. and Meertens, L. G. L. T. and Fisker, R. G.},
  journal={Acta Informatica},
  volume={5},
  number={1--3},
  year={1975},
  doi={10.1007/BF00265077}
}
@article{barendregt1983filter,
  title={A Filter Lambda Model and the Completeness of Type Assignment},
  author={Barendregt, Henk and Coppo, Mario and Dezani-Ciancaglini, Mariangiola},
  journal={J. Symb. Log.},
  volume={48},
  number={4},
  year={1983},
  doi={10.2307/2273659}
}
@article{cardelli1985understanding,
  title={On Understanding Types, Data Abstraction, and Polymorphism},
  author={Cardelli, Luca and Wegner, Peter},
  journal={ACM Comput. Surv.},
  volume={17},
  number={4},
  year={1985},
  doi={10.1145/6041.6042}
}
@inproceedings{ungar1987self,
  title={Self: The Power of Simplicity},
  author={Ungar, David and Smith, Randall B.},
  booktitle={OOPSLA},
  year={1987},
  doi={10.1145/38765.38828}
}
@inproceedings{cook1989denotational,
  title={A Denotational Semantics of Inheritance and Its Correctness},
  author={Cook, William and Palsberg, Jens},
  booktitle={OOPSLA},
  year={1989},
  doi={10.1145/74878.74922}
}
@inproceedings{madsen1989virtual,
  title={Virtual Classes: A Powerful Mechanism in Object-Oriented Programming},
  author={Madsen, Ole Lehrmann and Møller-Pedersen, Birger},
  booktitle={OOPSLA},
  year={1989},
  doi={10.1145/74877.74919}
}
@inproceedings{cook1990inheritance,
  title={Inheritance Is Not Subtyping},
  author={Cook, William R. and Hill, Walter L. and Canning, Peter S.},
  booktitle={POPL},
  year={1990},
  doi={10.1145/96709.96721}
}
@inproceedings{bracha1990mixin,
  title={Mixin-based Inheritance},
  author={Bracha, Gilad and Cook, William},
  booktitle={OOPSLA/ECOOP},
  year={1990},
  doi={10.1145/97945.97982}
}
@article{wand1991type,
  title={Type Inference for Record Concatenation and Multiple Inheritance},
  author={Wand, Mitchell},
  journal={Inf. Comput.},
  volume={93},
  number={1},
  year={1991},
  doi={10.1016/0890-5401(91)90050-C}
}
@article{cardelli1991operations,
  title={Operations on Records},
  author={Cardelli, Luca and Mitchell, John C.},
  journal={Math. Struct. Comput. Sci.},
  volume={1},
  number={1},
  year={1991},
  doi={10.1017/S0960129500000049}
}
@inproceedings{harper1991record,
  title={A Record Calculus Based on Symmetric Concatenation},
  author={Harper, Robert and Pierce, Benjamin},
  booktitle={POPL},
  year={1991},
  doi={10.1145/99583.99603}
}
@article{cytron1991efficiently,
  title={Efficiently Computing Static Single Assignment Form and the Control Dependence Graph},
  author={Cytron, Ron and Ferrante, Jeanne and Rosen, Barry K. and Wegman, Mark N. and Zadeck, F. Kenneth},
  journal={ACM Trans. Program. Lang. Syst.},
  volume={13},
  number={4},
  year={1991},
  doi={10.1145/115372.115320}
}
@inproceedings{holzle1991optimizing,
  title={Optimizing Dynamically-Typed Object-Oriented Languages With Polymorphic Inline Caches},
  author={Hölzle, Urs and Chambers, Craig and Ungar, David},
  booktitle={ECOOP},
  year={1991},
  doi={10.1007/BFb0057013}
}
@inproceedings{boulton1992experience,
  title={Experience with Embedding Hardware Description Languages in HOL},
  author={Boulton, Richard and Gordon, Andrew and Gordon, Mike and Harrison, John and Herbert, John and Van Tassel, John},
  booktitle={TPCD},
  year={1992}
}
@inproceedings{remy1992efficient,
  title={Efficient Representation of Extensible Records},
  author = {Rémy, Didier},
  booktitle={ML@PLDI},
  year={1992}
}
@article{jones1992implementing,
  title={Implementing Lazy Functional Languages on Stock Hardware: The Spineless Tagless G-Machine},
  author={Peyton Jones, Simon L.},
  journal={J. Funct. Program.},
  volume={2},
  number={2},
  year={1992},
  doi={10.1017/S0956796800000319}
}
@phdthesis{chambers1992design,
  title={The Design and Implementation of the SELF Compiler, an Optimizing Compiler for Object-Oriented Programming Languages},
  author={Chambers, Craig},
  school={Stanford University},
  year={1992}
}
@inproceedings{harrison1993subject,
  title={Subject-Oriented Programming (A Critique of Pure Objects)},
  author={Harrison, William and Ossher, Harold},
  booktitle={OOPSLA},
  year={1993},
  doi={10.1145/165854.165932}
}
@book{madsen1993object,
  title={Object-Oriented Programming in the BETA Programming Language},
  author={Madsen, Ole Lehrmann and Møller-Pedersen, Birger and Nygaard, Kristen},
  publisher={Addison-Wesley},
  year={1993}
}
@article{jones1994theory,
  title={A Theory of Qualified Types},
  author={Jones, Mark P.},
  journal={Sci. Comput. Program.},
  volume={22},
  number={3},
  year={1994},
  doi={10.1016/0167-6423(94)00005-0}
}
@unpublished{augustsson1994silly,
  title={Silly Type Families},
  author={Augustsson, Lennart and Petersson, Kent},
  year={1994}
}
@phdthesis{garrigue1994label,
  title={Label-Selective Lambda-Calculi and Transformation Calculi},
  author={Garrigue, Jacques},
  school={University of Tokyo},
  year={1994}
}
@inproceedings{garrigue1994typed,
  title={The Typed Polymorphic Label-Selective Lambda-Calculus},
  author={Garrigue, Jacques and Aït-Kaci, Hassan},
  booktitle={POPL},
  year={1994},
  doi={10.1145/174675.174434}
}
@article{ait1995label,
  title={Label-Selective Lambda-Calculus: Syntax and Confluence},
  author={Aït-Kaci, Hassan and Garrigue, Jacques},
  journal={Theor. Comput. Sci.},
  volume={151},
  number={2},
  year={1995},
  doi={10.1016/0304-3975(95)00072-5}
}
@techreport{furuse1995label,
  title={A Label-Selective Lambda-Calculus with Optional Arguments and its Compilation Method},
  author={Furuse, Jun P. and Garrigue, Jacques},
  institution={Kyoto University},
  number={RIMS-1041},
  year={1995}
}
@article{barbanera1995intersection,
  title={Intersection and Union Types: Syntax and Semantics},
  author={Barbanera, Franco and Dezani-Ciancaglini, Mariangiola and de'Liguoro, Ugo},
  journal={Inf. Comput.},
  volume={119},
  number={2},
  year={1995},
  doi={10.1006/inco.1995.1086}
}
@inproceedings{hughes1995design,
  title={The Design of a Pretty-printing Library},
  author={Hughes, John},
  booktitle={AFP},
  year={1995},
  doi={10.1007/3-540-59451-5_3}
}
@book{gamma1995design,
  title={Design Patterns: Elements of Reusable Object-Oriented Software},
  author={Gamma, Erich and Helm, Richard and Johnson, Ralph and Vlissides, John},
  publisher={Addison-Wesley},
  year={1995}
}
@article{ohori1995polymorphic,
  title={A Polymorphic Record Calculus and Its Compilation},
  author={Ohori, Atsushi},
  journal={ACM Trans. Program. Lang. Syst.},
  volume={17},
  number={6},
  year={1995},
  doi={10.1145/218570.218572}
}
@article{bruce1995binary,
  title={On Binary Methods},
  author={Bruce, Kim and Cardelli, Luca and Castagna, Giuseppe and {The Hopkins Objects Group} and Leavens, Gary T. and Pierce, Benjamin},
  journal={Theory Pract. Object Sys.},
  volume={1},
  number={3},
  year={1995},
  doi={10.1002/j.1096-9942.1995.tb00019.x}
}
@article{wong1995introduction,
  title={An Introduction to Remy's Fast Polymorphic Record Projection},
  author={Wong, Limsoon},
  journal={SIGMOD Rec.},
  volume={24},
  number={3},
  year={1995},
  doi={10.1145/211990.212013}
}
@inproceedings{driesen1995message,
  title={Message Dispatch on Pipelined Processors},
  author={Driesen, Karel and Hölzle, Urs and Vitek, Jan},
  booktitle={ECOOP},
  year={1995},
  doi={10.1007/3-540-49538-X_13}
}
@article{wright1995simple,
  title={Simple imperative polymorphism},
  author={Wright, Andrew K.},
  journal={LISP Symb. Comput.},
  volume={8},
  number={4},
  year={1995},
  doi={10.1007/BF01018828}
}
@article{taivalsaari1996notion,
  title={On the Notion of Inheritance},
  author={Taivalsaari, Antero},
  journal={ACM Comput. Surv.},
  volume={28},
  number={3},
  year={1996},
  doi={10.1145/243439.243441}
}
@inproceedings{barrett1996monotonic,
  title={A Monotonic Superclass Linearization for Dylan},
  author={Barrett, Kim and Cassels, Bob and Haahr, Paul and Moon, David A. and Playford, Keith and Withington, P. Tucker},
  booktitle={OOPSLA},
  year={1996},
  doi={10.1145/236337.236343}
}
@techreport{gaster1996polymorphic,
  title={A Polymorphic Type System for Extensible Records and Variants},
  author={Gaster, Benedict R. and Jones, Mark P.},
  institution={University of Nottingham},
  number={NOTTCS-TR-96-3},
  year={1996},
}
@inproceedings{prehofer1997feature,
  title={Feature-Oriented Programming: A Fresh Look at Objects},
  author={Prehofer, Christian},
  booktitle={ECOOP},
  year={1997},
  doi={10.1007/BFb0053389}
}
@incollection{reynolds1997design,
  title={Design of the Programming Language Forsythe},
  author={Reynolds, John C.},
  booktitle={Algol-like Languages},
  volume={1},
  chapter={8},
  year={1997},
  doi={10.1007/978-1-4612-4118-8_9}
}
@inproceedings{hudak1998modular,
  title={Modular Domain Specific Languages and Tools},
  author={Hudak, Paul},
  booktitle={ICSR},
  year={1998},
  doi={10.1109/ICSR.1998.685738}
}
@misc{wadler1998expression,
  title={The Expression Problem},
  author={Wadler, Philip},
  howpublished={Posted on the Java Genericity mailing list},
  url={https://homepages.inf.ed.ac.uk/wadler/papers/expression/expression.txt},
  year={1998}
}
@phdthesis{gaster1998records,
  title={Records, Variants and Qualified Types},
  author={Gaster, Benedict R.},
  school={University of Nottingham},
  year={1998}
}
@inproceedings{mikhajlov1998study,
  title={A Study of The Fragile Base Class Problem},
  author={Mikhajlov, Leonid and Sekerinski, Emil},
  booktitle={ECOOP},
  year={1998},
  doi={10.1007/BFb0054099}
}
@article{bruce1999comparing,
  title={Comparing Object Encodings},
  author={Bruce, Kim B. and Cardelli, Luca and Pierce, Benjamin C.},
  journal={Inf. Comput.},
  volume={155},
  number={1-2},
  year={1999},
  doi={10.1006/inco.1999.2829}
}
@inproceedings{glew1999type,
  title={Type Dispatch for Named Hierarchical Types},
  author={Glew, Neal},
  booktitle={ICFP},
  year={1999},
  doi={10.1145/317636.317797}
}
@inproceedings{tarr1999n,
  title={N Degrees of Separation: Multi-Dimensional Separation of Concerns},
  author={Tarr, Peri and Ossher, Harold and Harrison, William and Sutton, Jr., Stanley M.},
  booktitle={ICSE},
  year={1999},
  doi={10.1145/302405.302457}
}
@inproceedings{kniesel1999type,
  title={Type-Safe Delegation for Run-Time Component Adaptation},
  author={Kniesel, Günter},
  booktitle={ECOOP},
  year={1999},
  doi={10.1007/3-540-48743-3_16}
}
@article{urzyczyn1999emptiness,
  title={The Emptiness Problem for Intersection Types},
  author={Urzyczyn, Paweł},
  journal={J. Symb. Log.},
  volume={64},
  number={3},
  year={1999},
  doi={10.2307/2586625}
}
@inproceedings{davies2000intersection,
  title={Intersection Types and Computational Effects},
  author={Davies, Rowan and Pfenning, Frank},
  booktitle={ICFP},
  year={2000},
  doi={10.1145/351240.351259}
}
@inproceedings{claessen2000quickcheck,
  title={QuickCheck: A Lightweight Tool for Random Testing of Haskell Programs},
  author={Claessen, Koen and Hughes, John},
  booktitle={ICFP},
  year={2000},
  doi={10.1145/351240.351266}
}
@article{pierce2000local,
  title={Local Type Inference},
  author={Pierce, Benjamin C. and Turner, David N.},
  journal={ACM Trans. Program. Lang. Syst.},
  volume={22},
  number={1},
  year={2000},
  doi={10.1145/345099.345100}
}
@phdthesis{ernst2000gbeta,
  title={gbeta – a Language with Virtual Attributes, Block Structure, and Propagating, Dynamic Inheritance},
  author={Ernst, Erik},
  school={Aarhus University},
  year={2000},
  doi={10.7146/dpb.v29i549.7654}
}
@techreport{leijen2001parsec,
  title={Parsec: Direct Style Monadic Parser Combinators for the Real World},
  author={Leijen, Daan and Meijer, Erik},
  institution={Utrecht University},
  number={UU-CS-2001-35},
  year={2001}
}
@phdthesis{krishnamurthi2001linguistic,
  title={Linguistic Reuse},
  author={Krishnamurthi, Shriram},
  school={Rice University},
  year={2001}
}
@inproceedings{ernst2001family,
  title={Family Polymorphism},
  author={Ernst, Erik},
  booktitle={ECOOP},
  year={2001},
  doi={10.1007/3-540-45337-7_17}
}
@article{igarashi2001featherweight,
  title={Featherweight Java: A Minimal Core Calculus for Java and GJ},
  author={Igarashi, Atsushi and Pierce, Benjamin C. and Wadler, Philip},
  journal={ACM Trans. Program. Lang. Syst.},
  volume={23},
  number={3},
  year={2001},
  doi={10.1145/503502.503505}
}
@inproceedings{shields2001type,
  title={Type-Indexed Rows},
  author={Shields, Mark and Meijer, Erik},
  booktitle={POPL},
  year={2001},
  doi={10.1145/360204.360230}
}
@inproceedings{mcdirmid2001jiazzi,
  title={Jiazzi: New-Age Components for Old-Fashioned Java},
  author={McDirmid, Sean and Flatt, Matthew and Hsieh, Wilson C.},
  booktitle={OOPSLA},
  year={2001},
  doi={10.1145/504282.504298}
}
@inproceedings{garrigue2001labeled,
  title={Labeled and optional arguments for Objective Caml},
  author={Garrigue, Jacques},
  booktitle={JSSST SIG-PPL},
  year={2001}
}
@inproceedings{sheard2002template,
  title={Template Meta-programming for Haskell},
  author={Sheard, Tim and Peyton Jones, Simon},
  booktitle={Haskell@ICFP},
  year={2002},
  doi={10.1145/581690.581691}
}
@article{ernst2002safe,
  title={Safe Dynamic Multiple Inheritance},
  author={Ernst, Erik},
  journal={Nordic J. Comput.},
  volume={9},
  number={3},
  year={2002}
}
@book{bruce2002foundations,
  title={Foundations of Object-Oriented Languages: Types and Semantics},
  author={Bruce, Kim B.},
  publisher={MIT press},
  year={2002}
}
@book{pierce2002types,
  title={Types and Programming Languages},
  author={Pierce, Benjamin C.},
  publisher={MIT Press},
  year={2002}
}
@incollection{wadler2003prettier,
  title={A Prettier Printer},
  author={Wadler, Philip},
  booktitle={The Fun of Programming},
  chapter={11},
  year={2003},
  doi={10.1007/978-1-349-91518-7_11}
}
@article{batory2004scaling,
  title={Scaling Step-Wise Refinement},
  author={Batory, Don and Sarvela, Jacob Neal and Rauschmayer, Axel},
  journal={IEEE Trans. Software Eng.},
  volume={30},
  number={6},
  year={2004},
  doi={10.1109/TSE.2004.23}
}
@inproceedings{kiselyov2004strongly,
  title={Strongly Typed Heterogeneous Collections},
  author={Kiselyov, Oleg and Lämmel, Ralf and Schupke, Keean},
  booktitle={Haskell@ICFP},
  year={2004},
  doi={10.1145/1017472.1017488}
}
@inproceedings{ernst2004expression,
  title={The Expression Problem, Scandinavian Style},
  author={Ernst, Erik},
  booktitle={MASPEGHI@ECOOP},
  year={2004},
  doi={10.1007/978-3-540-30554-5_11}
}
@techreport{leijen2004first,
  title={First-Class Labels for Extensible Rows},
  author={Leijen, Daan},
  institution={Utrecht University},
  number={UU-CS-2004-051},
  year={2004}
}
@inproceedings{nystrom2004scalable,
  title={Scalable Extensibility via Nested Inheritance},
  author={Nystrom, Nathaniel and Chong, Stephen and Myers, Andrew C.},
  booktitle={OOPSLA},
  year={2004},
  doi={10.1145/1028976.1028986}
}
@inproceedings{zenger2005independently,
  title={Independently Extensible Solutions to the Expression Problem},
  author={Zenger, Matthias and Odersky, Martin},
  booktitle={FOOL@POPL},
  year={2005}
}
@article{gallesio2005skribe,
  title={Skribe: A Functional Authoring Language},
  author={Gallesio, Erick and Serrano, Manuel},
  journal={J. Funct. Program.},
  volume={15},
  number={5},
  year={2005},
  doi={10.1017/S0956796805005575}
}
@article{mernik2005when,
  title={When and How to Develop Domain-Specific Languages},
  author={Mernik, Marjan and Heering, Jan and Sloane, Anthony M.},
  journal={ACM Comput. Surv.},
  volume={37},
  number={4},
  year={2005},
  doi={10.1145/1118890.1118892}
}
@inproceedings{lopez2005evaluating,
  title={Evaluating Support for Features in Advanced Modularization Technologies},
  author={Lopez-Herrejon, Roberto E. and Batory, Don and Cook, William},
  booktitle={ECOOP},
  year={2005},
  doi={10.1007/11531142_8}
}
@inproceedings{apel2005featurec++,
  title={FeatureC++: On the Symbiosis of Feature-Oriented and Aspect-Oriented Programming},
  author={Apel, Sven and Leich, Thomas and Rosenmüller, Marko and Saake, Gunter},
  booktitle={GPCE},
  year={2005},
  doi={10.1007/11561347_10}
}
@inproceedings{leijen2005extensible,
  title={Extensible Records with Scoped Labels},
  author={Leijen, Daan},
  booktitle={TFP},
  year={2005}
}
@inproceedings{odersky2005scalable,
  title={Scalable Component Abstractions},
  author={Odersky, Martin and Zenger, Matthias},
  booktitle={OOPSLA},
  year={2005},
  doi={10.1145/1094811.1094815}
}
@article{dezani2005compositional,
  title={Compositional Characterisations of Lambda-terms using Intersection Types},
  author={Dezani-Ciancaglini, Mariangiola and Honsell, Furio and Motohama, Yoko},
  journal={Theor. Comput. Sci.},
  volume={340},
  number={3},
  year={2005},
  doi={10.1016/j.tcs.2005.03.011}
}
@inproceedings{nystrom2006j,
  title={J\&: Nested Intersection for Scalable Software Composition},
  author={Nystrom, Nathaniel and Qi, Xin and Myers, Andrew C.},
  booktitle={OOPSLA},
  year={2006},
  doi={10.1145/1167473.1167476}
}
@inproceedings{peyton2006simple,
  title = {Simple Unification-based Type Inference for GADTs},
  author = {Peyton Jones, Simon and Vytiniotis, Dimitrios and Weirich, Stephanie and Washburn, Geoffrey},
  booktitle = {ICFP},
  year = {2006},
  doi={10.1145/1159803.1159811}
}
@article{ducasse2006traits,
  title={Traits: A Mechanism for Fine-Grained Reuse},
  author={Ducasse, Stéphane and Nierstrasz, Oscar and Schärli, Nathanael and Wuyts, Roel and Black, Andrew P.},
  journal={ACM Trans. Program. Lang. Syst.},
  volume={28},
  number={2},
  year={2006},
  doi={10.1145/1119479.1119483}
}
@article{hinze2006generics,
  title={Generics for the Masses},
  author={Hinze, Ralf},
  journal={J. Funct. Program.},
  volume={16},
  number={4–5},
  year={2006},
  doi={10.1017/S0956796806006022}
}
@inproceedings{ernst2006virtual,
  title={A Virtual Class Calculus},
  author={Ernst, Erik and Ostermann, Klaus and Cook, William R.},
  booktitle={POPL},
  year={2006},
  doi={10.1145/1111037.1111062}
}
@inproceedings{oliveira2006extensible,
  title={Extensible and Modular Generics for the Masses},
  author={Oliveira, Bruno C. d. S. and Hinze, Ralf and Löh, Andres},
  booktitle={TFP},
  year={2006}
}
@article{aracic2006overview,
  title={An overview of CaesarJ},
  author={Aracic, Ivica and Gasiunas, Vaidas and Mezini, Mira and Ostermann, Klaus},
  journal={Trans. Aspect Oriented Softw. Dev.},
  volume={1},
  year={2006},
  doi={10.1007/11687061_5}
}
@phdthesis{osinski2006polymorphic,
  title={A Polymorphic Type System and Compilation Scheme for Record Concatenation},
  author={Osinski, Edward},
  year={2006},
  school={New York University}
}
@book{alfred2007compilers,
  title={Compilers: Principles, Techniques and Tools},
  author={Aho, Alfred V. and Lam, Monica S. and Sethi, Ravi and Ullman, Jeffrey D.},
  publisher={Pearson Education},
  year={2007}
}
@inproceedings{clarke2007tribe,
  title={Tribe: A Simple Virtual Class Calculus},
  author={Clarke, Dave and Drossopoulou, Sophia and Noble, James and Wrigstad, Tobias},
  booktitle={AOSD},
  year={2007},
  doi={10.1145/1218563.1218578}
}
@inproceedings{emir2007matching,
  title={Matching Objects with Patterns},
  author={Emir, Burak and Odersky, Martin and Williams, John},
  booktitle={ECOOP},
  doi={10.1007/978-3-540-73589-2_14},
  year={2007}
}
@article{saito2008lightweight,
  title={Lightweight Family Polymorphism},
  author={Saito, Chieri and Igarashi, Atsushi and Viroli, Mirko},
  journal={J. Funct. Program.},
  volume={18},
  number={3},
  year={2008},
  doi={10.1017/S0956796807006405}
}
@article{swierstra2008data,
  title={Data Types à la Carte (Functional Pearl)},
  author={Swierstra, Wouter},
  journal={J. Funct. Program.},
  volume={18},
  number={4},
  year={2008},
  doi={10.1017/S0956796808006758}
}
@inproceedings{hofer2008polymorphic,
  title={Polymorphic Embedding of DSLs},
  author={Hofer, Christian and Ostermann, Klaus and Rendel, Tillmann and Moors, Adriaan},
  booktitle={GPCE},
  year={2008},
  doi={10.1145/1449913.1449935}
}
@article{hallsteinsen2008dynamic,
  title={Dynamic Software Product Lines},
  author={Hallsteinsen, Svein and Hinchey, Mike and Park, Sooyong and Schmid, Klaus},
  journal={Computer},
  volume={41},
  number={4},
  year={2008},
  doi={10.1109/MC.2008.123}
}
@inproceedings{sunkle2008features,
  title={Features as First-class Entities – Toward a Better Representation of Features},
  author={Sunkle, Sagar and Rosenmüller, Marko and Siegmund, Norbert and ur Rahman, Syed Saif and Saake, Gunter and Apel, Sven},
  booktitle={McGPLE@GPCE},
  year={2008}
}
@article{frisch2008semantic,
  title={Semantic Subtyping: Dealing Set-Theoretically with Function, Union, Intersection, and Negation Types},
  author={Frisch, Alain and Castagna, Giuseppe and Benzaken, Véronique},
  journal={J. ACM},
  volume={55},
  number={4},
  year={2008},
  doi={10.1145/1391289.1391293}
}
@inproceedings{flatt2009keyword,
  title={Keyword and Optional Arguments in PLT Scheme},
  author={Flatt, Matthew and Barzilay, Eli},
  booktitle={Scheme},
  year={2009}
}
@article{apel2009overview,
  title={An Overview of Feature-Oriented Software Development},
  author={Apel, Sven and Kästner, Christian},
  journal={J. Object Technol.},
  volume={8},
  number={5},
  year={2009},
  doi={10.5381/jot.2009.8.5.c5}
}
@inproceedings{oliveira2009modular,
  title={Modular Visitor Components: A Practical Solution to the Expression Families Problem},
  author={Oliveira, Bruno C. d. S.},
  booktitle={ECOOP},
  year={2009},
  doi={10.1007/978-3-642-03013-0_13}
}
@article{carette2009finally,
  title={Finally Tagless, Partially Evaluated: Tagless Staged Interpreters for Simpler Typed Languages},
  author={Carette, Jacques and Kiselyov, Oleg and Shan, Chung-chieh},
  journal={J. Funct. Program.},
  volume={19},
  number={5},
  year={2009},
  doi={10.1017/S0956796809007205}
}
@inproceedings{flatt2009scribble,
  title={Scribble: Closing the Book on Ad Hoc Documentation Tools},
  author={Flatt, Matthew and Barzilay, Eli and Findler, Robert Bruce},
  booktitle={ICFP},
  year={2009},
  doi={10.1145/1596550.1596569}
}
@inproceedings{gill2009type,
  title={Type-Safe Observable Sharing in Haskell},
  author={Gill, Andy},
  booktitle={Haskell@ICFP},
  year={2009},
  doi={10.1145/1596638.1596653}
}
@article{krahn2010monticore,
  title={MontiCore: A Framework for Compositional Development of Domain Specific Languages},
  author={Krahn, Holger and Rumpe, Bernhard and Völkel, Steven},
  journal={Int. J. Softw. Tools Technol. Transf.},
  volume={12},
  number={5},
  year={2010},
  doi={10.1007/s10009-010-0142-1}
}
@inproceedings{kats2010spoofax,
  title={The Spoofax Language Workbench: Rules for Declarative Specification of Languages and IDEs},
  author={Kats, Lennart C. L. and Visser, Eelco},
  booktitle={OOPSLA},
  year={2010},
  doi={10.1145/1869459.1869497}
}
@inproceedings{rompf2010lightweight,
  title={Lightweight Modular Staging: A Pragmatic Approach to Runtime Code Generation and Compiled DSLs},
  author={Rompf, Tiark and Odersky, Martin},
  booktitle={GPCE},
  year={2010},
  doi={10.1145/1868294.1868314}
}
@inproceedings{hofer2010modular,
  title={Modular Domain-Specific Language Components in Scala},
  author={Hofer, Christian and Ostermann, Klaus},
  booktitle={GPCE},
  year={2010},
  doi={10.1145/1868294.1868307}
}
@inproceedings{kiselyov2010typed,
  title={Typed Tagless Final Interpreters},
  author={Kiselyov, Oleg},
  booktitle={SSGIP},
  year={2010},
  doi={10.1007/978-3-642-32202-0_3}
}
@inproceedings{schaefer2010delta,
  title={Delta-Oriented Programming of Software Product Lines},
  author={Schaefer, Ina and Bettini, Lorenzo and Bono, Viviana and Damiani, Ferruccio and Tanzarella, Nico},
  booktitle={SPLC},
  year={2010},
  doi={10.1007/978-3-642-15579-6_6}
}
@inproceedings{bracha2010modules,
  title={Modules as Objects in Newspeak},
  author={Bracha, Gilad and von der Ahé, Peter and Bykov, Vassili and Kashai, Yaron and Maddox, William and Miranda, Eliot},
  booktitle={ECOOP},
  year={2010},
  doi={10.1007/978-3-642-14107-2_20}
}
@inproceedings{rytz2010named,
  title={Named and default arguments for polymorphic object-oriented languages: A discussion on the design implemented in the Scala language},
  author={Rytz, Lukas and Odersky, Martin},
  booktitle={SAC},
  year={2010},
  doi={10.1145/1774088.1774529}
}
@inproceedings{kastner2011road,
  title={The Road to Feature Modularity?},
  author={Kästner, Christian and Apel, Sven and Ostermann, Klaus},
  booktitle={FOSD@SPLC},
  year={2011},
  doi={10.1145/2019136.2019142}
}
@inproceedings{kiselyov2011implementing,
  title={Implementing Explicit and Finding Implicit Sharing in Embedded DSLs},
  author={Kiselyov, Oleg},
  booktitle={DSL},
  year={2011},
  doi={10.4204/EPTCS.66.11}
}
@inproceedings{tobin2011languages,
  title={Languages as Libraries},
  author={Tobin-Hochstadt, Sam and St-Amour, Vincent and Culpepper, Ryan and Flatt, Matthew and Felleisen, Matthias},
  booktitle={PLDI},
  year={2011},
  doi={10.1145/1993498.1993514}
}
@inproceedings{bahr2011compositional,
  title={Compositional Data Types},
  author={Bahr, Patrick and Hvitved, Tom},
  booktitle={WGP@ICFP},
  year={2011},
  doi={10.1145/2036918.2036930}
}
@inproceedings{bahr2012parametric,
  title={Parametric Compositional Data Types},
  author={Bahr, Patrick and Hvitved, Tom},
  booktitle={MSFP},
  year={2012},
  doi={10.4204/EPTCS.76.3}
}
@article{rompf2012scala,
  title={Scala-Virtualized: Linguistic Reuse for Deep Embeddings},
  author={Rompf, Tiark and Amin, Nada and Moors, Adriaan and Haller, Philipp and Odersky, Martin},
  journal={High. Order Symb. Comput.},
  volume={25},
  number={1},
  year={2012},
  doi={10.1007/s10990-013-9096-9}
}
@inproceedings{axelsson2012generic,
  title={A Generic Abstract Syntax Model for Embedded Languages},
  author={Axelsson, Emil},
  booktitle={ICFP},
  year={2012},
  doi={10.1145/2364527.2364573}
}
@inproceedings{oliveira2012extensibility,
  title={Extensibility for the Masses: Practical Extensibility with Object Algebras},
  author={Oliveira, Bruno C. d. S. and Cook, William R.},
  booktitle={ECOOP},
  year={2012},
  doi={10.1007/978-3-642-31057-7_2}
}
@inproceedings{takikawa2012gradual,
  title={Gradual Typing for First-Class Classes},
  author={Takikawa, Asumu and Strickland, T. Stephen and Dimoulas, Christos and Tobin-Hochstadt, Sam and Felleisen, Matthias},
  booktitle={OOPSLA},
  year={2012},
  doi={10.1145/2384616.2384674}
}
@unpublished{sergey2012theory,
  title={Theory and Practice of Demand Analysis in Haskell},
  author={Sergey, Ilya and Peyton Jones, Simon and Vytiniotis, Dimitrios},
  year={2012}
}
@article{chargueraud2012locally,
  title={The Locally Nameless Representation},
  author={Charguéraud, Arthur},
  journal={J. Autom. Reason.},
  volume={49},
  number={3},
  year={2012},
  doi={10.1007/s10817-011-9225-2}
}
@book{levy2012call,
  title={Call-By-Push-Value: A Functional/Imperative Synthesis},
  author={Levy, Paul Blain},
  publisher={Springer},
  series={Semantics Structures in Computation},
  volume={2},
  year={2012},
  doi={10.1007/978-94-007-0954-6}
}
@article{strickland2013contracts,
  title={Contracts for First-Class Classes},
  author={Strickland, T. Stephen and Dimoulas, Christos and Takikawa, Asumu and Felleisen, Matthias},
  journal={ACM Trans. Program. Lang. Syst.},
  volume={35},
  number={3},
  year={2013},
  doi={10.1145/2518189}
}
@article{luo2013coercive,
  title={Coercive Subtyping: Theory and Implementation},
  author={Luo, Zhaohui and Soloviev, Sergei and Xue, Tao},
  journal={Inf. Comput.},
  volume={223},
  year={2013},
  doi={10.1016/j.ic.2012.10.020}
}
@article{bettini2013compositional,
  title={Compositional Type Checking of Delta-Oriented Software Product Lines},
  author={Bettini, Lorenzo and Damiani, Ferruccio and Schaefer, Ina},
  journal={Acta Informatica},
  volume={50},
  number={2},
  year={2013},
  doi={10.1007/s00236-012-0173-z}
}
@article{apel2013language,
  title={Language-Independent and Automated Software Composition: The FeatureHouse Experience},
  author={Apel, Sven and Kästner, Christian and Lengauer, Christian},
  journal={IEEE Trans. Software Eng.},
  volume={39},
  number={1},
  year={2013},
  doi={10.1109/TSE.2011.120}
}
@book{apel2013feature,
  title={Feature-Oriented Software Product Lines: Concepts and Implementation},
  author={Apel, Sven and Batory, Don and Kästner, Christian and Saake, Gunter},
  publisher={Springer},
  year={2013},
  doi={10.1007/978-3-642-37521-7}
}
@inproceedings{oliveira2013feature,
  title={Feature-Oriented Programming with Object Algebras},
  author={Oliveira, Bruno C. d. S. and van der Storm, Tijs and Loh, Alex and Cook, William R.},
  booktitle={ECOOP},
  year={2013},
  doi={10.1007/978-3-642-39038-8_2}
}
@inproceedings{oliveira2013abstract,
  title={Abstract Syntax Graphs for Domain Specific Languages},
  author={Oliveira, Bruno C. d. S. and Löh, Andres},
  booktitle={PEPM@POPL},
  year={2013},
  doi={10.1145/2426890.2426909}
}
@inproceedings{martinez2013just,
  title={Just Do It While Compiling!: Fast Extensible Records In Haskell},
  author={Martinez, Bruno and Viera, Marcos and Pardo, Alberto},
  booktitle={PEPM@POPL},
  year={2013},
  doi={10.1145/2426890.2426908}
}
@inproceedings{gibbons2014folding,
  title={Folding Domain-Specific Languages: Deep and Shallow Embeddings (Functional Pearl)},
  author={Gibbons, Jeremy and Wu, Nicolas},
  booktitle={ICFP},
  year={2014},
  doi={10.1145/2628136.2628138}
}
@inproceedings{jovanovic2014yinyang,
  title={Yin-Yang: Concealing the Deep Embedding of DSLs},
  author={Jovanović, Vojin and Shaikhha, Amir and Stucki, Sandro and Nikolaev, Vladimir and Koch, Christoph and Odersky, Martin},
  booktitle={GPCE},
  year={2014},
  doi={10.1145/2658761.2658771}
}
@inproceedings{scherr2014implicit,
  title={Implicit Staging of EDSL Expressions: A Bridge between Shallow and Deep Embedding},
  author={Scherr, Maximilian and Chiba, Shigeru},
  booktitle={ECOOP},
  year={2014},
  doi={10.1007/978-3-662-44202-9_16}
}
@inproceedings{rendel2014object,
  title={From Object Algebras to Attribute Grammars},
  author={Rendel, Tillmann and Brachthäuser, Jonathan Immanuel and Ostermann, Klaus},
  booktitle={OOPSLA},
  year={2014},
  doi={10.1145/2660193.2660237}
}
@article{dunfield2014elaborating,
  title={Elaborating Intersection and Union Types},
  author={Dunfield, Jana},
  journal={J. Funct. Program.},
  volume={24},
  number={2–3},
  year={2014},
  doi={10.1017/S0956796813000270}
}
@inproceedings{biernacki2015logical,
  title={Logical Relations for Coherence of Effect Subtyping},
  author={Biernacki, Dariusz and Polesiuk, Piotr},
  booktitle={TLCA},
  year={2015},
  doi={10.4230/LIPIcs.TLCA.2015.107}
}
@inproceedings{lee2015theory,
  title={A Theory of Tagged Objects},
  author={Lee, Joseph and Aldrich, Jonathan and Shaw, Troy and Potanin, Alex},
  booktitle={ECOOP},
  year={2015},
  doi={10.4230/LIPIcs.ECOOP.2015.174}
}
@article{svenningsson2015combining,
  title={Combining Deep and Shallow Embedding of Domain-Specific Languages},
  author={Svenningsson, Josef and Axelsson, Emil},
  journal={Comput. Lang. Syst. Struct.},
  volume={44},
  year={2015},
  doi={10.1016/j.cl.2015.07.003}
}
@article{erdweg2015evaluating,
  title={Evaluating and Comparing Language Workbenches: Existing Results and Benchmarks for the Future},
  author={Erdweg, Sebastian and van der Storm, Tijs and Völter, Markus and Tratt, Laurence and Bosman, Remi and Cook, William R. and Gerritsen, Albert and Hulshout, Angelo and Kelly, Steven and Loh, Alex and Konat, Gabriël and Molina, Pedro J. and Palatnik, Martin and Pohjonen, Risto and Schindler, Eugen and Schindler, Klemens and Solmi, Riccardo and Vergu, Vlad and Visser, Eelco and van der Vlist, Kevin and Wachsmuth, Guido and van der Woning, Jimi},
  journal={Comput. Lang. Syst. Struct.},
  volume={44},
  year={2015},
  doi={10.1016/j.cl.2015.08.007},
}
@article{wadler2015propositions,
  title={Propositions as Types},
  author={Wadler, Philip},
  journal={Commun. ACM},
  volume={58},
  number={12},
  year={2015},
  doi={10.1145/2699407}
}
@inproceedings{haeri2016expression,
  title={Expression Compatibility Problem},
  author={Haeri, Seyed Hossein and Schupp, Sibylle},
  booktitle={SCSS},
  year={2016},
  doi={10.29007/xlbn}
}
@inproceedings{oliveira2016disjoint,
  title={Disjoint Intersection Types},
  author={Oliveira, Bruno C. d. S. and Shi, Zhiyuan and Alpuim, João},
  booktitle={ICFP},
  year={2016},
  doi={10.1145/2951913.2951945}
}
@inproceedings{alpuim2017disjoint,
  title={Disjoint Polymorphism},
  author={Alpuim, João and Oliveira, Bruno C. d. S. and Shi, Zhiyuan},
  booktitle={ESOP},
  year={2017},
  doi={10.1007/978-3-662-54434-1_1}
}
@inproceedings{zhang2017evf,
  title={EVF: An Extensible and Expressive Visitor Framework for Programming Language Reuse},
  author={Zhang, Weixin and Oliveira, Bruno C. d. S.},
  booktitle={ECOOP},
  year={2017},
  doi={10.4230/LIPIcs.ECOOP.2017.29}
}
@inproceedings{zhang2017familia,
  title={Familia: Unifying Interfaces, Type Classes, and Family Polymorphism},
  author={Zhang, Yizhou and Myers, Andrew C.},
  booktitle={OOPSLA},
  year={2017},
  doi={10.1145/3133894}
}
@inproceedings{shaikhha2017destination,
  title={Destination-Passing Style for Efficient Memory Management},
  author={Shaikhha, Amir and Fitzgibbon, Andrew and Peyton Jones, Simon and Vytiniotis, Dimitrios},
  booktitle={FHPC@ICFP},
  year={2017},
  doi={10.1145/3122948.3122949}
}
@article{damiani2018core,
  title={A Core Calculus for Dynamic Delta-Oriented Programming},
  author={Damiani, Ferruccio and Padovani, Luca and Schaefer, Ina and Seidl, Christoph},
  journal={Acta Informatica},
  volume={55},
  number={4},
  year={2018},
  doi={10.1007/s00236-017-0293-6}
}
@inproceedings{bi2018typed,
  title={Typed First-Class Traits},
  author={Bi, Xuan and Oliveira, Bruno C. d. S.},
  booktitle={ECOOP},
  year={2018},
  doi={10.4230/LIPIcs.ECOOP.2018.9}
}
@inproceedings{bi2018essence,
  title={The Essence of Nested Composition},
  author={Bi, Xuan and Oliveira, Bruno C. d. S. and Schrijvers, Tom},
  booktitle={ECOOP},
  year={2018},
  doi={10.4230/LIPIcs.ECOOP.2018.22}
}
@inproceedings{bi2019distributive,
  title={Distributive Disjoint Polymorphism for Compositional Programming},
  author={Bi, Xuan and Xie, Ningning and Oliveira, Bruno C. d. S. and Schrijvers, Tom},
  booktitle={ESOP},
  year={2019},
  doi={10.1007/978-3-030-17184-1_14}
}
@inproceedings{haeri2019solving,
  title={Solving the Expression Problem in C++, à la LMS},
  author={Haeri, Seyed Hossein and Keir, Paul},
  booktitle={ICTAC},
  year={2019},
  doi={10.1007/978-3-030-32505-3_20}
}
@mastersthesis{berg2019type,
  title={Type Inference for Disjoint Intersection Types},
  author={van den Berg, Birthe},
  school={KU Leuven},
  year={2019}
}
@article{zhang2019shallow,
  title={Shallow EDSLs and Object-Oriented Programming: Beyond Simple Compositionality},
  author={Zhang, Weixin and Oliveira, Bruno C. d. S.},
  journal={Art Sci. Eng. Program.},
  volume={3},
  number={3},
  year={2019},
  doi={10.22152/programming-journal.org/2019/3/10}
}
@inproceedings{bono2020tale,
  title={A Tale of Intersection Types},
  author={Bono, Viviana and Dezani-Ciancaglini, Mariangiola},
  booktitle={LICS},
  year={2020},
  doi={10.1145/3373718.3394733}
}
@inproceedings{griesemer2020featherweight,
  title={Featherweight Go},
  author={Griesemer, Robert and Hu, Raymond and Kokke, Wen and Lange, Julien and Taylor, Ian Lance and Toninho, Bernando and Wadler, Philip and Yoshida, Nobuko},
  booktitle={OOPSLA},
  year={2020},
  doi={10.1145/3428217}
}
@inproceedings{marntirosian2020resolution,
  title={Resolution as Intersection Subtyping via Modus Ponens},
  author={Marntirosian, Koar and Schrijvers, Tom and Oliveira, Bruno C. d. S. and Karachalias, Georgios},
  booktitle={OOPSLA},
  year={2020},
  doi={10.1145/3428274}
}
@inproceedings{ballantyne2020macros,
  title={Macros for Domain-Specific Languages},
  author={Ballantyne, Michael and King, Alexis and Felleisen, Matthias},
  booktitle={OOPSLA},
  year={2020},
  doi={10.1145/3428297}
}
@inproceedings{nieto2020scala,
  title={Scala with Explicit Nulls},
  author={Nieto, Abel and Zhao, Yaoyu and Lhoták, Ondřej and Chang, Angela and Pu, Justin},
  booktitle={ECOOP},
  year={2020},
  doi={10.4230/LIPIcs.ECOOP.2020.25}
}
@inproceedings{xie2020row,
  title={Row and Bounded Polymorphism via Disjoint Polymorphism},
  author={Xie, Ningning and Oliveira, Bruno C. d. S. and Bi, Xuan and Schrijvers, Tom},
  booktitle={ECOOP},
  year={2020},
  doi={10.4230/LIPIcs.ECOOP.2020.27}
}
@article{zhang2020castor,
  title={Castor: Programming with Extensible Generative Visitors},
  author={Zhang, Weixin and Oliveira, Bruno C. d. S.},
  journal={Sci. Comput. Program.},
  volume={193},
  year={2020},
  doi={10.1016/j.scico.2020.102449}
}
@article{zhang2021compositional,
  title={Compositional Programming},
  author={Zhang, Weixin and Sun, Yaozhu and Oliveira, Bruno C. d. S.},
  journal={ACM Trans. Program. Lang. Syst.},
  volume={43},
  number={3},
  year={2021},
  doi={10.1145/3460228}
}
@article{huang2021taming,
  title={Taming the Merge Operator},
  author={Huang, Xuejing and Zhao, Jinxu and Oliveira, Bruno C. d. S.},
  journal={J. Funct. Program.},
  volume={31},
  year={2021},
  doi={10.1017/S0956796821000186}
}
@article{dunfield2021bidirectional,
  title={Bidirectional Typing},
  author={Dunfield, Jana and Krishnaswami, Neel},
  journal={ACM Comput. Surv.},
  volume={54},
  number={5},
  year={2021},
  doi={10.1145/3450952}
}
@book{madhavapeddy2022real,
  title={Real World OCaml: Functional Programming for the Masses},
  author={Madhavapeddy, Anil and Minsky, Yaron},
  year={2022},
  publisher={Cambridge University Press},
  doi={10.1017/9781009129220}
}
@inproceedings{fan2022direct,
  title={Direct Foundations for Compositional Programming},
  author={Fan, Andong and Huang, Xuejing and Xu, Han and Sun, Yaozhu and Oliveira, Bruno C. d. S.},
  booktitle={ECOOP},
  year={2022},
  doi={10.4230/LIPIcs.ECOOP.2022.18}
}
@inproceedings{sun2022compositional,
  title={Compositional Embeddings of Domain-Specific Languages},
  author={Sun, Yaozhu and Dhandhania, Utkarsh and Oliveira, Bruno C. d. S.},
  booktitle={OOPSLA},
  year={2022},
  doi={10.1145/3563294}
}
@inproceedings{zhou2022calculus,
  title={A Calculus with Recursive Types, Record Concatenation and Subtyping},
  author={Zhou, Yaoda and Oliveira, Bruno C. d. S. and Fan, Andong},
  booktitle={APLAS},
  year={2022},
  doi={10.1007/978-3-031-21037-2_9}
}
@inproceedings{xu2023making,
  title={Making a Type Difference: Subtraction on Intersection Types as Generalized Record Operations},
  author={Xu, Han and Huang, Xuejing and Oliveira, Bruno C. d. S.},
  booktitle={POPL},
  year={2023},
  doi={10.1145/3571224}
}
@phdthesis{rehman2023blend,
  title={A Blend of Intersection Types and Union Types},
  author={Rehman, Baber},
  year={2023},
  school={The University of Hong Kong}
}
@incollection{castagna2023programming,
  title={Programming with Union, Intersection, and Negation Types},
  author={Castagna, Giuseppe},
  booktitle={The French School of Programming},
  chapter={12},
  year={2023},
  doi={10.1007/978-3-031-34518-0_12}
}
@article{castagna2023design,
  title={The Design Principles of the Elixir Type System},
  author={Castagna, Giuseppe and Duboc, Guillaume and Valim, José},
  journal={Art Sci. Eng. Program.},
  volume={8},
  number={2},
  year={2023},
  doi={10.22152/programming-journal.org/2024/8/4}
}
@inproceedings{crichton2024core,
  title={A Core Calculus for Documents: Or, Lambda: The Ultimate Document},
  author={Crichton, Will and Krishnamurthi, Shriram},
  booktitle={POPL},
  year={2024},
  doi={10.1145/3632865}
}
@inproceedings{kravchuk2024persimmon,
  title={Persimmon: Nested Family Polymorphism with Extensible Variant Types},
  author={Kravchuk-Kirilyuk, Anastasiya and Feng, Gary and Iskander, Jonas and Zhang, Yizhou and Amin, Nada},
  booktitle={OOPSLA},
  year={2024},
  doi={10.1145/3649836}
}
@inproceedings{ye2024imperative,
  title={Imperative Compositional Programming: Type Sound Distributive Intersection Subtyping with References via Bidirectional Typing},
  author={Ye, Wenjia and Sun, Yaozhu and Oliveira, Bruno C. d. S.},
  booktitle={OOPSLA},
  year={2024},
  doi={10.1145/3689782}
}